% Test Plan Bibliography References

@misc{MonochromeLuminance,
  title = {Luminance.java},
  author = {{Robert Sedgewick and Kevin Wayne}},
  year = "2016",
  month = "August 30,",
  howpublished = {\url{http://introcs.cs.princeton.edu/java/31datatype/Luminance.java.html}},
  note = {Accessed: October 30, 2016}
}