% Module Guide Bibliography References

@misc{Taxicab,
  title = {{Taxicab Metric}},
  author = {{Margherita Barile}},
  howpublished = {\url{http://mathworld.wolfram.com/TaxicabMetric.html}},
  note = {Accessed: November 12, 2016}
}