% SRS Bibliography References

@book{RobertsonAndRobertson2012,
	Author = {James Robertson and Suzanne Robertson},
	Date-Added = {2016-09-22 13:54:40 +0000},
	Date-Modified = {2016-09-22 14:01:42 +0000},
	Edition = {16},
	Publisher = {Atlantic Systems Guild Limited},
	Title = {Volere Requirements Specification Template},
	Year = {2012}}

@misc{PhotosensitiveEpilepsy,
  title = {Photosensitive Epilepsy},
  author = {{Epilepsy Society}},
  howpublished = {\url{https://www.epilepsysociety.org.uk/photosensitive-epilepsy#.V_pneOArKCg}},
  note = {Accessed: 2016-10-09}
}

@misc{RogueHistory,
  title = {{Rogue - Exploring the Dungeons of Doom (1980)}},
  author = {{Petri Kuittinen}},
  year = "2001",
  howpublished = {\url{https://web.archive.org/web/20071217100401/http://users.tkk.fi/~eye/roguelike/rogue.html}},
  note = {Accessed: 2016-10-07}
}

@misc{RoguelikeDefinition,
  title = {{What is a Roguelike}},
  author = {{Slash}},
  howpublished = {\url{http://www.roguetemple.com/roguelike-definition/}},
  note = {Accessed: 2016-10-07}
}

@misc{LibtcodHome,
  title = {{[Libtcod] Overview}},
  howpublished = {\url{https://bitbucket.org/libtcod/libtcod/}},
  note = {Accessed: 2016-10-07}
}

@article{RogueAI,
  title = {{An expert system outperforms mere mortals as it conquers the feared Dungeons of Doom}},
  journal = "Scientific American",
  year = "1985",
  volume = "252",
  month = "February",
  pages = "18-21",
  note = {Accessed: 2016-10-11}
}

@article{GameAnger,
  title = {{Violent video games and anger as predictors of aggression}},
  author = {{Gary W. Giumetti and Patrick M. Markey}},
  journal = "Journal of Research in Personality",
  year = "2007",
  note = {Accessed: 2016-10-11}
}