% Test Report Bibliography References

@misc{SDLHome,
  title = {{About SDL}},
  howpublished = {\url{https://www.libsdl.org/index.php}},
  note = {Accessed: December 7, 2016}
}


